<record><leader>00000cas a22000007a 4500</leader><controlfield tag="001">32772757</controlfield><controlfield tag="008">950706d18281829meuwr ne      0    0eng d</controlfield><datafield ind1=" " ind2=" " tag="010"><subfield code="a">sn 95067845 </subfield></datafield><datafield ind1=" " ind2=" " tag="040"><subfield code="a">MBN</subfield><subfield code="b">eng</subfield><subfield code="c">MBN</subfield><subfield code="d">OCLCQ</subfield><subfield code="d">OCLCF</subfield><subfield code="d">OCLCO</subfield></datafield><datafield ind1=" " ind2=" " tag="042"><subfield code="a">msc</subfield></datafield><datafield ind1=" " ind2=" " tag="043"><subfield code="a">n-us-me</subfield></datafield><datafield ind1="0" ind2=" " tag="130"><subfield code="a">Baptist herald (Brunswick, Me.)</subfield></datafield><datafield ind1="1" ind2="0" tag="245"><subfield code="a">Baptist herald.</subfield></datafield><datafield ind1="1" ind2="3" tag="246"><subfield code="a">Eastern galaxy</subfield></datafield><datafield ind1=" " ind2=" " tag="260"><subfield code="a">Brunswick [Me.] :</subfield><subfield code="b">Joseph Griffin</subfield></datafield><datafield ind1=" " ind2=" " tag="300"><subfield code="a">v.</subfield></datafield><datafield ind1=" " ind2=" " tag="310"><subfield code="a">Weekly</subfield></datafield><datafield ind1="0" ind2=" " tag="362"><subfield code="a">-v. 6, no. 12 (Sept. 9, 1829).</subfield></datafield><datafield ind1="1" ind2=" " tag="362"><subfield code="a">Began in 1828.</subfield></datafield><datafield ind1=" " ind2=" " tag="500"><subfield code="a">Masthead title dropped June 1829.</subfield></datafield><datafield ind1=" " ind2=" " tag="588"><subfield code="a">Description based on: Vol. 5, no. 5 (June 19, 1828).</subfield></datafield><datafield ind1=" " ind2="0" tag="651"><subfield code="a">Brunswick (Me.)</subfield><subfield code="v">Newspapers.</subfield></datafield><datafield ind1=" " ind2="7" tag="655"><subfield code="a">Newspapers.</subfield><subfield code="2">fast</subfield><subfield code="0">(OCoLC)fst01423814</subfield></datafield><datafield ind1=" " ind2="7" tag="651"><subfield code="a">Maine</subfield><subfield code="z">Brunswick.</subfield><subfield code="2">fast</subfield><subfield code="0">(OCoLC)fst01214654</subfield></datafield><datafield ind1=" " ind2=" " tag="752"><subfield code="a">United States</subfield><subfield code="b">Maine</subfield><subfield code="c">Cumberland</subfield><subfield code="d">Brunswick.</subfield></datafield><datafield ind1="0" ind2="0" tag="780"><subfield code="t">Maine Baptist herald</subfield><subfield code="w">(DLC)sn 84026937</subfield></datafield><datafield ind1="0" ind2="0" tag="785"><subfield code="t">Eastern galaxy and B. herald</subfield><subfield code="w">(DLC)sn 84022336</subfield></datafield></record>